%مراجع خود را در این قسمت وارد کنید.
% دستوری برای کوچک کردن اندازه فونت‌ها 
%یک مثال را در زیر می‌بینید.

@article{howard1960dynamic,
  title={Dynamic programming and markov processes.},
  author={Howard, Ronald A},
  year={1960},
  publisher={John Wiley}
}

@inproceedings{akiyama2014helios,
  title={Helios base: An open source package for the robocup soccer 2d simulation},
  author={Akiyama, Hidehisa and Nakashima, Tomoharu},
  booktitle={RoboCup 2013: Robot World Cup XVII 17},
  pages={528--535},
  year={2014},
  organization={Springer}
}

@article{zare2023pyrus,
  title={Pyrus Base: An Open Source Python Framework for the RoboCup 2D Soccer Simulation},
  author={Zare, Nader and Sayareh, Aref and Amini, Omid and Sarvmaili, Mahtab and Firouzkouhi, Arad and Matwin, Stan and Soares, Amilcar},
  journal={arXiv preprint arXiv:2307.16875},
  year={2023}
}

@article{mnih2013playing,
  title={Playing atari with deep reinforcement learning},
  author={Mnih, Volodymyr and Kavukcuoglu, Koray and Silver, David and Graves, Alex and Antonoglou, Ioannis and Wierstra, Daan and Riedmiller, Martin},
  journal={arXiv preprint arXiv:1312.5602},
  year={2013}
}
@article{mnih2015human,
  title={Human-level control through deep reinforcement learning},
  author={Mnih, Volodymyr and Kavukcuoglu, Koray and Silver, David and Rusu, Andrei A and Veness, Joel and Bellemare, Marc G and Graves, Alex and Riedmiller, Martin and Fidjeland, Andreas K and Ostrovski, Georg and others},
  journal={nature},
  volume={518},
  number={7540},
  pages={529--533},
  year={2015},
  publisher={Nature Publishing Group UK London}
}

@article{lillicrap2015continuous,
  title={Continuous control with deep reinforcement learning},
  author={Lillicrap, Timothy P and Hunt, Jonathan J and Pritzel, Alexander and Heess, Nicolas and Erez, Tom and Tassa, Yuval and Silver, David and Wierstra, Daan},
  journal={arXiv preprint arXiv:1509.02971},
  year={2015}
}

@inproceedings{silver2014deterministic,
  title={Deterministic policy gradient algorithms},
  author={Silver, David and Lever, Guy and Heess, Nicolas and Degris, Thomas and Wierstra, Daan and Riedmiller, Martin},
  booktitle={International conference on machine learning},
  pages={387--395},
  year={2014},
  organization={Pmlr}
}

@article{zhang2017deeper,
  title={A deeper look at experience replay},
  author={Zhang, Shangtong and Sutton, Richard S},
  journal={arXiv preprint arXiv:1712.01275},
  year={2017}
}
@TECHREPORT{Moore90efficientmemory-based,
    author = {Andrew William Moore},
    title = {Efficient Memory-based Learning for Robot Control},
    institution = {University of Cambridge},
    year = {1990}
}
@article{paszke2019pytorch,
  title={Pytorch: An imperative style, high-performance deep learning library},
  author={Paszke, Adam and Gross, Sam and Massa, Francisco and Lerer, Adam and Bradbury, James and Chanan, Gregory and Killeen, Trevor and Lin, Zeming and Gimelshein, Natalia and Antiga, Luca and others},
  journal={Advances in neural information processing systems},
  volume={32},
  year={2019}
}
@article{geist2014off,
  title={Off-policy learning with eligibility traces: a survey.},
  author={Geist, Matthieu and Scherrer, Bruno and others},
  journal={J. Mach. Learn. Res.},
  volume={15},
  number={1},
  pages={289--333},
  year={2014}
}

@article{barto2021reinforcement,
  title={Reinforcement learning: An introduction by Richards’ Sutton},
  author={Barto, Andrew G},
  journal={SIAM Rev},
  volume={6},
  number={2},
  pages={423},
  year={2021},
  publisher={SIAM}
}
@inproceedings{fedus2020revisiting,
  title={Revisiting fundamentals of experience replay},
  author={Fedus, William and Ramachandran, Prajit and Agarwal, Rishabh and Bengio, Yoshua and Larochelle, Hugo and Rowland, Mark and Dabney, Will},
  booktitle={International Conference on Machine Learning},
  pages={3061--3071},
  year={2020},
  organization={PMLR}
}

@article{brockman2016openai,
  title={Openai gym},
  author={Brockman, Greg and Cheung, Vicki and Pettersson, Ludwig and Schneider, Jonas and Schulman, John and Tang, Jie and Zaremba, Wojciech},
  journal={arXiv preprint arXiv:1606.01540},
  year={2016}
}

@article{raffin2021stable,
  title={Stable-baselines3: Reliable reinforcement learning implementations},
  author={Raffin, Antonin and Hill, Ashley and Gleave, Adam and Kanervisto, Anssi and Ernestus, Maximilian and Dormann, Noah},
  journal={Journal of Machine Learning Research},
  volume={22},
  number={268},
  pages={1--8},
  year={2021}
}

@article{riedmiller2005brainstormers,
  title={Brainstormers 2D--Team Description 2005},
  author={Riedmiller, Martin and Gabel, Thomas and Knabe, Johannes and Strasdat, Hauke},
  journal={RoboCup},
  pages={219--229},
  year={2005}
}
@inproceedings{riedmiller2001karlsruhe,
  title={Karlsruhe brainstormers-a reinforcement learning approach to robotic soccer},
  author={Riedmiller, Martin and Merke, Artur and Meier, David and Hoffmann, Andreas and Sinner, Alex and Thate, Ortwin and Ehrmann, Ralf},
  booktitle={RoboCup 2000: Robot Soccer World Cup IV 4},
  pages={367--372},
  year={2001},
  organization={Springer}
}
@inproceedings{gabel2019fra,
  title={FRA-UNIted—Team Description 2018},
  author={Gabel, Thomas and Roser, Constantin},
  booktitle={RoboCup 2019 Symposium and Competitions: Team Description Papers. Sydney, Australia},
  year={2019}
}

@inproceedings{kalyanakrishnan2007half,
  title={Half field offense in RoboCup soccer: A multiagent reinforcement learning case study},
  author={Kalyanakrishnan, Shivaram and Liu, Yaxin and Stone, Peter},
  booktitle={RoboCup 2006: Robot Soccer World Cup X 10},
  pages={72--85},
  year={2007},
  organization={Springer}
}
@article{sutton1988learning,
  title={Learning to predict by the methods of temporal differences},
  author={Sutton, Richard S},
  journal={Machine learning},
  volume={3},
  pages={9--44},
  year={1988},
  publisher={Springer}
}
@inproceedings{kimura1997reinforcement,
  title={Reinforcement learning in POMDPs with function approximation},
  author={Kimura, Hajime and Miyazaki, Kazuteru and Kobayashi, Shigenobu},
  booktitle={ICML},
  volume={97},
  pages={152--160},
  year={1997}
}
@inproceedings{hausknecht2016half,
  title={Half field offense: An environment for multiagent learning and ad hoc teamwork},
  author={Hausknecht, Matthew and Mupparaju, Prannoy and Subramanian, Sandeep and Kalyanakrishnan, Shivaram and Stone, Peter},
  booktitle={AAMAS Adaptive Learning Agents (ALA) Workshop},
  volume={3},
  year={2016},
  organization={sn}
}
